
@article{salfnerSurvey,
 author={Salfner, F. and Lenk, M. and Malek, M.},
 title={A Survey of Online Failure Prediction Methods},
 journal={ACM Computing Surveys (CSUR)},
 volume={42},
 number={3},
 year={2010},
 publisher={ACM}
}

@inproceedings{irrera2015,
 author={Irrera, I. and Vieira, M. and Duraes, J.},
 title={Adaptive Failure Prediction for Computer Systems: A Framework and a Case Study},
 booktitle={Proceedings of the 2015 IEEE 16th International Symposium on High Assurance Systems Engineering (HASE 2015)},
 doi={10.1109/HASE.2015.29},
 isbn={978-1-4799-8111-3},
 pages={142--149},
 year={2015}
}

@inproceedings{irrera2014,
 author={Irrera, I. and Vieira, M.},
 title={A Practical Approach for Generating Failure Data for Assessing and Comparing Failure Prediction Algorithms},
 booktitle={Proceedings of the 2014 IEEE 20th Pacific Rim International Symposium on Dependable Computing (PRDC 2014)},
 doi={10.1109/PRDC.2014.19},
 isbn={978-1-4799-6474-1},
 pages={86--95},
 year={2014}
}

@inproceedings{irrera2010,
 author={Irrera, I. and Duraes, J. and Vieira, M. and Madeira, H.},
 title={Towards Identifying the Best Variables for Failure Prediction Using Injection of Realistic Software Faults},
 booktitle={Proceedings of the 2010 IEEE 16th Pacific Rim International Symposium on Dependable Computing (PRDC 2010)},
 doi={10.1109/PRDC.2010.51},
 isbn={978-1-4244-8975-6},
 pages={3--10},
 year={2010}
}

@inproceedings{irrera2013,
 author={Irrera, I. and Duraes, J. and Madeira, H. and Vieira, M.},
 title={Assessing the Impact of Virtualization on the Generation of Failure Prediction Data},
 booktitle={Proceedings of the 2013 Sixth Latin-American Symposium on Dependable Computing (LADC 2013)},
 doi={10.1109/LADC.2013.24},
 isbn={9780769549620},
 pages={92--97},
 year={2013}
}

@article{gswfit, 
 author={Duraes, J. and Madeira, H.}, 
 title={Emulation of Software Faults: A Field Data Study and a Practical Approach}, 
 journal={IEEE Transactions on Software Engineering}, 
 year={2006}, 
 volume={32}, 
 number={11}, 
 pages={849-867}, 
 doi={10.1109/TSE.2006.113}, 
 ISSN={0098-5589}, 
 month=nov,
}

@article{watanabe2014,
 author={Watanabe, Y.},
 title={Online Failure Prediction in Cloud Datacenters},
 journal={Fujitsu Scientific and Technical Journal},
 volume={50},
 number={1},
 pages={66--71},
 year={2014}
}

@inproceedings{sonoda2012, 
 author={Sonoda, M. and Watanabe, Y. and Matsumoto, Y.},
 title={Prediction of Failure Occurrence Time Based on System Log Message Pattern Learning}, 
 booktitle={Proceedings of the 2012 IEEE Network Operations and Management Symposium (NOMS 2012)}, 
 year={2012}, 
 pages={578--581}, 
 doi={10.1109/NOMS.2012.6211960}, 
 ISSN={1542-1201}, 
 month=apr
}

@inproceedings{irrera2013_2,
 author = {Irrera, I. and Pereira, C. and Vieira, M.},
 title = {The Time Dimension in Predicting Failures: A Case Study},
 booktitle = {Proceedings of the Sixth Latin-American Symposium on Dependable Computing},
 pages = {86--91},
 year = {2013}
}

@inproceedings{avallone2004, 
 author={Avallone, S. and Guadagno, S. and Emma, D. and Pescape, A. and Ventre, G.}, 
 booktitle={Proceedings of the First International Conference on the Quantitative Evaluation of Systems (QEST 2004)}, 
 title={D-ITG distributed Internet traffic generator}, 
 year={2004}, 
 pages={316-317}, 
 month={Sept}
}

@article{vishwanath2009,
  author = {Vishwanath, K. and Vahdat, A.},
  title = {Swing: Realistic and responsive network traffic generation},
  journal = {IEEE/ACM Transactions on Networking},
  doi = {10.1109/TNET.2009.2020830},
  isbn = {1595933085},
  issn = {10636692},
  number = {3},
  pages = {712--725},
  volume = {17},
  year = {2009},
}

@article{zach2013,
  author = {Zach, P. and Pokorny, M. and Motycka, A.},
  title = {Design of Software Network Traffic Generator},
  journal = {Recent Advances in Circuits, Systems, Telecommunications and Control},
  isbn = {978-960-474-341-4},
  issn = {1790-5117},
  pages = {244--251},
  year = {2013},
}

@article{botta2012,
	author = {Botta, A. and Dainotti, A. and Pescap{\'{e}}, A.},
	title = {A Tool for the Generation of Realistic Network Workload for Emerging Networking Scenarios},
	journal = {Computer Networks},
	issn = {13891286},
	number = {15},
	pages = {3531--3547},
	publisher = {Elsevier B.V.},
	volume = {56},
	year = {2012}
}

@Online{microsoft09, 
  title = {Download Remote Desktop Load Simulation Tools from Official Microsoft Download Center},
  author = {Microsoft},
  organization = {Microsoft},
  url = {https://www.microsoft.com/en-us/download/details.aspx?id=2218},
  urldate = {2016-02-27},
  year = {2009}
}

@Online{brasser15,
  title = {Script Connect-Mstsc - Open RDP Session with credentials},
  author = {Brasser, J.},
  organization = {},
  url = {https://gallery.technet.microsoft.com/scriptcenter/Connect-Mstsc-Open-RDP-2064b10b},
  urldate = {2016-02-27},
  year = {2015}
}

@Online{szeto12,
  title = {{Debug Assertion Failed: sockcore.cpp, line 623}},
  author = {Szeto, A.},
  organization = {Microsoft},
  url = {https://social.technet.microsoft.com/Forums/windowsserver/en-US/2f8fa5cf-3714-4eb3-a895-c30e2b26862d/debug-assertion-failed-sockcorecpp-line-623},
  urldate = {2016-02-27},
  year = {2012}
}

@Online{jordan16,
  title = {AFP-DC - GitHub},
  author = {Jordan, P. and Van Patten, D.},
  note = {https://github.com/paullj1/w-swfit},
  urldate = {2016-02-27},
  year = {2016}
}

@techreport{mak12,
 title={Capacity Planning for Active Directory Domain Services},
 author={Makbuloğlu, S. and Geelen, G.},
 institution={Technical report, Microsoft Corp},
 year={2012}
}

@Online{microsoft12,
	title = {{Download Active Directory Performance Testing Tool (ADTest.exe) from Official Microsoft Download Center}},
	author = {Microsoft},
	organization = {Microsoft},
	url = {https://www.microsoft.com/en-us/download/details.aspx?id=15275},
	urldate = {2016-03-03},
	year = {2012}
}

@book{bijaoui2011,
	author = {Bijaoui, P},
	isbn = {9780080491851},
	pages = {473--474},
	publisher = {Elsevier Science},
	series = {HP Technologies},
	title = {{Microsoft Exchange Server 2003 Scalability with SP1 and SP2}},
	year = {2011}
}

@Online{suyanto2010,
	author = {Suyanto, H. and Tiwari, M.},
	title = {{Windows 2008 AD LDS Load Testing using ADTEST - Part 1 - TechNet Articles}},
	organization = {Microsoft},
	url = {http://social.technet.microsoft.com/wiki/contents/articles/1890.windows-2008-ad-lds-load-testing-using-adtest-part-1.aspx},
	urldate = {2016-03-03},
	year = {2010}
}

@Online{suyanto2010_2,
	author = {Suyanto, H. and Tiwari, M.},
	title = {{Windows 2008 AD LDS Load Testing using ADTEST - Part 2 - TechNet Articles}},
	organization = {Microsoft},
	url = {http://social.technet.microsoft.com/wiki/contents/articles/1891.windows-2008-ad-lds-load-testing-using-adtest-part-2.aspx},
	urldate = {2016-03-03},
	year = {2010}
}

@misc{morowczynski2014,
	author = {Morowczynski, Mark},
	title = {{How To Use the Active Directory Performance Testing Tool on Windows Server 2012 | Ask Premier Field Engineering (PFE) Platforms}},
	organization = {Microsoft},
	url = {https://blogs.technet.microsoft.com/askpfeplat/2014/02/09/},
	urldate = {2016-03-03},
	year = {2014}
}

@article{weigle2006,
author = {Weigle, M. and Adurthi, P. and Hernández-Campos, F. and Jeffay, K. and Smith, F.},
journal = {ACM SIGCOMM Computer Communication Review},
number = {3},
pages = {67--76},
title = {{Tmix: A Tool for Generating Realistic TCP Application Workloads in ns-2}},
volume = {36},
year = {2006}
}
