-------------------------------------------------------------------------------
-                                                                             -
-                                    BOOKS                                    -
-                                                                             -
-------------------------------------------------------------------------------
@book{Siewiorek:1998:RCS:289357,
 author={Siewiorek, D. and Swarz, R.},
 title={Reliable Computer Systems: Design and Evaluation},
 edition={3rd},
 year={1998},
 isbn={1-56881-092-X},
 publisher={A. K. Peters, Ltd.},
 address={Natick, MA, USA},
} 

@book{rijsbergen1979v,
 author={van Rijsbergen, C.},
 title={Information Retrieval},
 edition={2nd},
 publisher={Butterworth-Heinemann},
 address={Newton, MA, USA},
 year={1979}
}

@book{islr,
 author={James, G. and Witten, D. and Hastie, T. and Tibshirani, R.},
 title={An Introduction to Statistical Learning: With Applications in R},
 year={2014},
 isbn={1461471370, 9781461471370},
 publisher={Springer Publishing Company, Incorporated},
} 

@book{esl,
 author={Hastie, T. and Tibshirani, R. and Friedman, J.},
 title={The Elements of Statistical Learning},
 keywords={ml statistics},
 publisher={Springer New York Inc.},
 series={Springer Series in Statistics},
 year={2001}
}

@book{bauer2012,
 author={Bauer, E. and Adams, R.},
 title={Reliability and Availability of Cloud Computing},
 year={2012},
 publisher={John Wiley \& Sons}
}

@book{russinovich2009,
 author = {Russinovich, M. and Solomon, D.},
 title = {Windows Internals: Including Windows Server 2008 and Windows Vista},
 year = {2009},
 isbn = {0735625301, 9780735625303},
 edition = {5th},
 publisher = {Microsoft Press},
} 

@book{schmidt2016,
 author={Schmidt, Christoph},
 title={Agile Software Development Teams},
 series={Progress in Information Systems},
 year={2016},
 isbn={978-3-319-26057-0},
 publisher={Springer International Publishing},
 doi={10.1007/978-3-319-26057-0_2},
}


-------------------------------------------------------------------------------
-                                                                             -
-                              JOURNAL ARTICLES                               -
-                                                                             -
-------------------------------------------------------------------------------
@article{salfnerSurvey,
 author={Salfner, F. and Lenk, M. and Malek, M.},
 title={A Survey of Online Failure Prediction Methods},
 journal={ACM Computing Surveys (CSUR)},
 volume={42},
 number={3},
 year={2010},
 publisher={ACM}
}

@article{avivzienis2004basic,
 author={Avi{\v{z}}ienis, A. and Laprie, J. and Randell, B. and Landwehr, C.},
 title={Basic Concepts and Taxonomy of Dependable and Secure Computing},
 journal={IEEE Transactions on Dependable and Secure Computing},
 volume={1},
 number={1},
 pages={11--33},
 year={2004},
 publisher={IEEE}
}

@article{watanabe2014,
 author={Watanabe, Y.},
 title={Online Failure Prediction in Cloud Datacenters},
 keywords={log approach},
 journal={Fujitsu Scientific and Technical Journal},
 volume={50},
 number={1},
 pages={66--71},
 year={2014}
}

@article{gswfit, 
 author={Duraes, J. and Madeira, H.}, 
 title={Emulation of Software Faults: A Field Data Study and a Practical Approach}, 
 journal={IEEE Transactions on Software Engineering}, 
 year={2006}, 
 volume={32}, 
 number={11}, 
 pages={849-867}, 
 keywords={program testing;software fault tolerance;software performance evaluation;software portability;G-SWFIT;computer system;emulation accuracy;fault representation;fault tolerance mechanism;field data study;machine code-level;programming structure;programming structures;software fault injection technique;Computer bugs;Computer industry;Emulation;Fault tolerant systems;Hardware;Programming;Software measurement;Software reliability;Software systems;Software testing;Fault injection;software faults;software reliability.}, 
 doi={10.1109/TSE.2006.113}, 
 ISSN={0098-5589}, 
 month=nov,
}

@article{fronza2013,
 author={Fronza, I. and Sillitti, A. and Succi, G. and Terho, M. and Vlasenko, J.},
 title={Failure Prediction Based on Log Files Using Random Indexing and Support Vector Machines},
 journal={Journal of Systems and Software},
 doi={10.1016/j.jss.2012.06.025},
 issn={01641212},
 keywords={log approach},
 number={1},
 pages={2--11},
 publisher={Elsevier Inc.},
 url={http://linkinghub.elsevier.com/retrieve/pii/S0164121212001732},
 volume={86},
 year={2013}
}

@article{murray2005,
 author={Murray, J. and Hughes, G. and Kreutz-Delgado, K.},
 title={Machine Learning Methods for Predicting Failures in Hard Drives: A Multiple-Instance Application},
 journal={Journal of Machine Learning Research},
 doi={10.1.1.84.9557},
 isbn={1532-4435},
 keywords={exact,hard drive failure prediction,multiple instance naive-bayes,nonparametric statistics,rank-sum test,support vector machines,svm},
 pages={783--816},
 url={http://dl.acm.org/citation.cfm?id=1046920.1088699},
 volume={6},
 year={2005}
}

@article{umadevi2015,
 author={Umadevi, K. and Rajakumari, S.},
 title={A Review on Software Fault Injection Methods and Tools},
 journal={International Journal of Innovative Research in Computer and Communication Engineering},
 volume={3},
 number={3},
 pages={1582--1587},
 keywords={fault injection,fault injection techniques,fault injection tools,fault tolerance,software fault,swfi},
 year={2015}
}

@article{bridge1998,
 author={Bridge, N. and Miller, C.},
 title={Orthogonal Defect Classification Using Defect Data to Improve Software Development},
 journal={Software Quality},
 keywords={Defect Prevention,Inspections,Orthogonal Defect Classification,Process Improvement,Quantitative Process Management,Root-Cause Analysis},
 number={1},
 pages={1--8},
 volume={3},
 year={1998}
}

@article{meng2016,
  title={Mllib: Machine Learning in Apache Spark},
  author={Meng, X. and Bradley, J. and Yuvaz, B. and Sparks, E. and Venkataraman, S. and Liu, D. and Freeman, J. and Tsai, D. and Amde, M. and Owen, S. and Xin, D. and Xin, R. and Franklin, M. and Zadeh, R. and Zaharia, M. and Talwalkar, A.},
  journal={Journal of Machine Learning Research},
  volume={17},
  number={34},
  pages={1--7},
  year={2016}
}

-------------------------------------------------------------------------------
-                                                                             -
-                           CONFERENCE PROCEEDINGS                            -
-                                                                             -
-------------------------------------------------------------------------------
@inproceedings{coleman2005model,
 author={Coleman, D. and Thompson, C.},
 title={Model Based Automation and Management for the Adaptive Enterprise},
 booktitle={Proceedings of the 12th Annual Workshop of HP OpenView University Association},
 pages={171--184},
 year={2005}
}

@inproceedings{Mogul:2006:EBV:1217935.1217964,
 author={Mogul, J.},
 title={Emergent (Mis)Behavior vs. Complex Software Systems},
 booktitle={Proceedings of the 1st ACM SIGOPS/EuroSys European Conference on Computer Systems 2006},
 series={EuroSys '06},
 year={2006},
 isbn={1-59593-322-0},
 location={Leuven, Belgium},
 pages={293--304},
 numpages={12},
 doi={10.1145/1217935.1217964},
 acmid={1217964},
 publisher={ACM},
 address={New York, NY, USA},
 keywords={complex systems, emergent behavior, emergent misbehavior},
} 

@inproceedings{brown2001embracing,
 author={Brown, A. and Patterson, D.},
 title={Embracing failure: A Case For Recovery-Oriented Computing ({ROC})},
 booktitle={Proceedings of the 2001 High Performance Transaction Processing Symposium (HPTS 2001)},
 volume={10},
 pages={3--8},
 year={2001}
}

@inproceedings{candea2004microreboot,
 author={Candea, G. and Kawamoto, S. and Fujiki, Y. and Friedman, G. and Fox, A.},
 title={Microreboot - A Technique for Cheap Recovery},
 booktitle={Proceedings of the 6th USENIX Symposium on Operating System Design and Implementation (OSDI)},
 volume={4},
 pages={31--44},
 year={2004}
}

@inproceedings{bodik2005combining,
 author={Bodik, P. and Friedman, G. and Biewald, L. and Levine, H. and Candea, G. and Patel, K. and Tolle, G. and Hui, J. and Fox, A. and Jordan, M. and others},
 title={Combining Visualization and Statistical Analysis to Improve Operator Confidence and Efficiency for Failure Detection and Localization},
 booktitle={Proceedings of the 2005 IEEE 2nd International Conference on Autonomic Computing (ICAC 2005)},
 pages={89--100},
 year={2005},
 organization={IEEE}
}

@inproceedings{candea2003jagr,
 author={Candea, G. and Kiciman, E. and Zhang, S. and Keyani, P. and Fox, A.},
 title={{JAGR}: An Autonomous Self-Recovering Application Server},
 booktitle={Proceedings of the 5th International Workshop on Active Middleware Services},
 pages={168--177},
 year={2003},
 organization={IEEE}
}

@inproceedings{salfner2006, 
 author={Salfner, F. and Schieschke, M. and Malek, M.}, 
 title={Predicting Failures of Computer Systems: A Case Study for a Telecommunication System}, 
 booktitle={Proceedings of the 20th IEEE International Parallel and Distributed Processing Symposium (IPDPS 2006)},
 year={2006}, 
 keywords={Markov processes;pattern recognition;software fault tolerance;telecommunication;F-measure;computer system prediction failures;dispersion frame technique;failure-prone pattern recognition;online failure prediction;reliability model;semiMarkov chain;similar events prediction;telecommunication system;Availability;Computer aided software engineering;Fault tolerance;Hardware;Pattern recognition;Predictive models;Software design;Software engineering;Steady-state;Telecommunication computing}, 
 doi={10.1109/IPDPS.2006.1639672}, 
 month=apr,
}

@inproceedings{salfner2007,
 author={Salfner, F. and Malek, M.},
 title={Using Hidden Semi-Markov Models for Effective Online Failure Prediction},
 booktitle={Proceedings of the 2007 26th IEEE International Symposium on Reliable Distributed Systems (SRDS 2007)},
 doi={10.1109/SRDS.2007.35},
 isbn={0-7695-2995-X},
 pages={161--174},
 url={http://ieeexplore.ieee.org/lpdocs/epic03/wrapper.htm?arnumber=4365693},
 year={2007}
}

@inproceedings{sonoda2012, 
 author={Sonoda, M. and Watanabe, Y. and Matsumoto, Y.},
 title={Prediction of Failure Occurrence Time Based on System Log Message Pattern Learning}, 
 booktitle={Proceedings of the 2012 IEEE Network Operations and Management Symposium (NOMS 2012)}, 
 year={2012}, 
 pages={578--581}, 
 keywords={Bayes methods;learning (artificial intelligence);system recovery;Bayesian learning;failure occurrence time prediction;failure reports;prediction period estimation;predictive signs;system log message pattern learning;Accuracy;Bayesian methods;Data mining;Estimation;Feature extraction;Lead;Predictive models;analysis of system logs;failure prediction;machine learning;system failure management}, 
 doi={10.1109/NOMS.2012.6211960}, 
 ISSN={1542-1201}, 
 month=apr
}

@inproceedings{watanabe2012,
 author={Watanabe, Y. and Otsuka, H. and Sonoda, M. and Kikuchi, S. and Matsumoto, Y.},
 title={Online Failure Prediction in Cloud Datacenters by Real-Time Message Pattern Learning},
 booktitle={Proceedings of the 4th IEEE International Conference on Cloud Computing Technology and Science (CloudCom 2012)},
 doi={10.1109/CloudCom.2012.6427566},
 isbn={9781467345095},
 keywords={Bayesian probabilities; Data centers; Datacenter;,Cloud computing,Real time systems},
 pages={504--511},
 url={http://www.scopus.com/inward/record.url?eid=2-s2.0-84874230901{\&}partnerID=40{\&}md5=da33be4c2acd9f17e2646ced46fa4120},
 year={2012}
}


@inproceedings{irrera2015,
 author={Irrera, I. and Vieira, M. and Duraes, J.},
 title={Adaptive Failure Prediction for Computer Systems: A Framework and a Case Study},
 booktitle={Proceedings of the 2015 IEEE 16th International Symposium on High Assurance Systems Engineering (HASE 2015)},
 doi={10.1109/HASE.2015.29},
 isbn={978-1-4799-8111-3},
 keywords={adaptive failure prediction,deep dive,fault injection,online failure prediction,virtualization},
 pages={142--149},
 url={http://ieeexplore.ieee.org/lpdocs/epic03/wrapper.htm?arnumber=7027425},
 year={2015}
}

@inproceedings{irrera2014,
 author={Irrera, I. and Vieira, M.},
 title={A Practical Approach for Generating Failure Data for Assessing and Comparing Failure Prediction Algorithms},
 booktitle={Proceedings of the 2014 IEEE 20th Pacific Rim International Symposium on Dependable Computing (PRDC 2014)},
 doi={10.1109/PRDC.2014.19},
 isbn={978-1-4799-6474-1},
 keywords={-failure prediction,fault injection,software faults},
 pages={86--95},
 url={http://ieeexplore.ieee.org/lpdocs/epic03/wrapper.htm?arnumber=6974775},
 year={2014}
}

@inproceedings{irrera2010,
 author={Irrera, I. and Duraes, J. and Vieira, M. and Madeira, H.},
 title={Towards Identifying the Best Variables for Failure Prediction Using Injection of Realistic Software Faults},
 booktitle={Proceedings of the 2010 IEEE 16th Pacific Rim International Symposium on Dependable Computing (PRDC 2010)},
 doi={10.1109/PRDC.2010.51},
 isbn={978-1-4244-8975-6},
 keywords={Failure prediction,availability,fault injection,software faults},
 pages={3--10},
 url={http://dl.acm.org/citation.cfm?id=1935935.1935974},
 year={2010}
}

@inproceedings{irrera2013,
 author={Irrera, I. and Duraes, J. and Madeira, H. and Vieira, M.},
 title={Assessing the Impact of Virtualization on the Generation of Failure Prediction Data},
 booktitle={Proceedings of the 2013 Sixth Latin-American Symposium on Dependable Computing (LADC 2013)},
 doi={10.1109/LADC.2013.24},
 isbn={9780769549620},
 keywords={fault injection,online failure prediction,virtualization},
 pages={92--97},
 year={2013}
}

@inproceedings{irrera2013a,
 author={Irrera, I. and Pereira, C. and Vieira, M.},
 title={The Time Dimension in Predicting Failures: A Case Study},
 booktitle={Proceedings of the 2013 Sixth Latin-American Symposium on Dependable Computing (LADC 2013)},
 isbn={978-1-4673-5746-3},
 url={http://ieeexplore.ieee.org/lpdocs/epic03/wrapper.htm?arnumber=6542609},
 pages={86--91},
 year={2013}
}

@inproceedings{vaarandi2002,
 author={Vaarandi, R.},
 title={SEC - A Lightweight Event Correlation Tool},
 booktitle={Proceedings of the 2002 IEEE Workshop on IP Operations and Management},
 pages={111--115},
 year={2002},
 organization={IEEE}
}

@inproceedings{domeniconi2002,
 author={Domeniconi, C. and Perng, C. and Vilalta, R. and Ma, S.},
 title={A Classification Approach for Prediction of Target Events in Temporal Sequences},
 booktitle={Proceedings of the 6th European Conference for Principles of Data Mining and Knowledge Discovery},
 year={2002},
 pages={125--137},
 isbn={978-3-540-45681-0},
 doi={10.1007/3-540-45681-3_11},
}

@inproceedings{fulp2008,
 author={Fulp, E. and Fink, G. and Haack, J.},
 title={Predicting Computer System Failures Using Support Vector Machines},
 booktitle={Proceedings of the 1st USENIX Conference on Analysis of System Logs},
 keywords={log approach},
 mendeley-tags={log approach},
 url={http://static.usenix.org/event/wasl/tech/full{\_}papers/fulp/fulp{\_}html/wasl08f.html},
 year={2008}
}

@inproceedings{natella2010,
 author={Natella, R. and Cotroneo, D. and Duraes, J. and Madeira, H.},
 title={Representativeness analysis of injected software faults in complex software},
 booktitle={Proceedings of the 2010 IEEE/IFIP International Conference on Dependable Systems \& Networks (DSN)},
 doi={10.1109/DSN.2010.5544282},
 isbn={9781424475018},
 pages={437--446},
 year={2010}
}

@inproceedings{kikuchi2014,
 author={Kikuchi, N. and Yoshimura, T. and Sakuma, R. and Kono, K.},
 title={Do injected faults cause real failures? A case study of linux},
 booktitle={Proceedings of the 25th IEEE International Symposium on Software Reliability Engineering Workshops (ISSREW 2014)},
 doi={10.1109/ISSREW.2014.104},
 isbn={9781479973774},
 keywords={Failure analysis,Operating systems,Software fault injection},
 pages={174--179},
 year={2014}
}

@inproceedings{cotroneo2012,
 author={Cotroneo, D. and Lanzaro, A. and Natella, R. and Barbosa, R.},
 title={Experimental Analysis of Binary-Level Software Fault Injection in Complex Software},
 booktitle={Proceedings of the 9th European Dependable Computing Conference},
 doi={10.1109/EDCC.2012.12},
 isbn={978-1-4673-0938-7},
 keywords={-software fault injection,dependability assessment,experimental,g-swfit,off-the-shelf software},
 pages={162--172},
 url={http://ieeexplore.ieee.org/lpdocs/epic03/wrapper.htm?arnumber=6214771},
 year={2012}
}

@inproceedings{martins2002jaca, 
 author={Martins, E. and Rubira, C. and Leme, N.}, 
 title={Jaca: A Reflective Fault Injection Tool Based on Patterns}, 
 booktitle={Proceedings of the International Conference on Dependable Systems and Networks (DSN 2002)}, 
 doi={10.1109/DSN.2002.1028934}, 
 pages={483--487}, 
 year={2002} 
}

@inproceedings{sanches2011jswfit, 
 author={Sanches, B. and Basso, T. and Moraes, R.}, 
 title={{J-SWFIT}: A Java Software Fault Injection Tool}, 
 booktitle={Proceedings of the 5th Latin-American Symposium on Dependable Computing (LADC 2011) }, 
 doi={10.1109/LADC.2011.20}, 
 month={apr},
 pages={106-115}, 
 year={2011}
}

@inproceedings{jordan2016,
 author={Jordan, P. and Van Patten, D. and Peterson, G. and Sellers, A.},
 title={Distributed PowerShell Load Generator ({D-PLG}): A New Tool for Dynamically Generating Network Traffic},
 booktitle={Proceedings of the 6th International Conference on Simulation and Modeling Methodologies, Technologies, and Applications (SIMULTECH 2016)},
 month={jul},
 year={2016}
}
-------------------------------------------------------------------------------
-                                                                             -
-                                TECH REPORTS                                 -
-                                                                             -
-------------------------------------------------------------------------------
@techreport{mundie2002trustworthy,
 author={Mundie, C. and de Vries, P. and Haynes, P. and Corwine, M.},
 title={Trustworthy Computing},
 institution={Technical report, Microsoft Corp},
 year={2002},
}

@techreport{patterson2002recovery,
 author={Patterson, D. and Brown, A. and Broadwell, P. and Candea, G. and Chen, M. and Cutler, J. and Enriquez, P. and Fox, A. and Kiciman, E. and Merzbacher, M. and others},
 title={Recovery-Oriented Computing ({ROC}): Motivation, Definition, Techniques, and Case Studies},
 year={2002},
 institution={Technical Report UCB//CSD-02-1175, UC Berkeley Computer Science}
}

@techreport{mak12,
 title={Capacity Planning for Active Directory Domain Services},
 author={Makbuloğlu, S. and Geelen, G.},
 institution={Technical report, Microsoft Corp},
 year={2012}
}

@techreport{crispdm,
 title={{CRISP-DM} 1.0 Step-by-Step Data Mining Guide},
 author={Chapman, P. and Clinton, J. and Kerber, R. and Khabaza, T. and Reinartz, T. and Shearer, C. and Wirth, R.},
 institution={The CRISP-DM consortium},
 month=aug,
 posted-at={2007-01-04 16:36:46},
 url={http://www.crisp-dm.org/CRISPWP-0800.pdf},
 year={2000}
}

-------------------------------------------------------------------------------
-                                                                             -
-                                   ONLINE                                    -
-                                                                             -
-------------------------------------------------------------------------------
@online{msRDLST, 
 title={Download Remote Desktop Load Simulation Tools from Official Microsoft Download Center},
 author={Microsoft},
 organization={},
 url={http://www.microsoft.com/en-us/download/details.aspx?id=2218},
 urldate={2015-12-21}
}

misc{Charles2013,
 author={Charles, P.W.D.},
 title={Project Title},
 year={2013},
 publisher={GitHub},
 journal={GitHub repository},
 howpublished={\url{https://github.com/charlespwd/project-title}},
 commit={4f57d6a0e4c030202a07a60bc1bb1ed1544bf679}
}
